@book{Taylor,
    title = {Taylor's theorem --- {W}ikipedia{,} The Free Encyclopedia},
    note = {Online; accessed 8-Januar-2023},
}